@article{roth1996hardness,
	title={{On the hardness of approximate reasoning}},
	author={Roth, Dan},
	journal={Artificial Intelligence},
	volume={82},
	number={1-2},
	pages={273--302},
	year={1996},
	publisher={Elsevier}
} % probabilistic inference

@book{denning1982cryptography,
	title={{Cryptography and data security}},
	author={Denning, Dorothy Elizabeth Robling},
	volume={112},
	year={1982},
	publisher={Addison-Wesley Reading}
} %

@inproceedings{klebanov2013sat,
	title={{SAT-based analysis and quantification of information flow in programs}},
	author={Klebanov, Vladimir and Manthey, Norbert and Muise, Christian},
	booktitle={International Conference on Quantitative Evaluation of Systems},
	pages={177--192},
	year={2013},
	organization={Springer}
} %  uniform distribution

@inproceedings{backes2011non,
	title={{Non-uniform distributions in quantitative information-flow}},
	author={Backes, Michael and Berg, Matthias and K{\"o}pf, Boris},
	booktitle={Proceedings of the 6th ACM Symposium on Information, Computer and Communications Security},
	pages={367--375},
	year={2011}
} %  uniform distribution

@inproceedings{zhou2018static,
	title={{Static evaluation of noninterference using approximate model counting}},
	author={Zhou, Ziqiao and Qian, Zhiyun and Reiter, Michael K and Zhang, Yinqian},
	booktitle={2018 IEEE Symposium on Security and Privacy (SP)},
	pages={514--528},
	year={2018},
	organization={IEEE}
} % related work

@article{gergov1994efficient,
	title={{Efficient Boolean manipulation with OBDD's can be extended to FBDD's}},
	author={Gergov, Jordan and Meinel, Christoph},
	journal={IEEE Transactions on Computers},
	volume={43},
	number={10},
	pages={1197--1209},
	year={1994},
	publisher={IEEE}
} % FBDD

@inproceedings{cerny2011complexity,
	title={{The complexity of quantitative information flow problems}},
	author={Cern{\`y}, Pavol and Chatterjee, Krishnendu and Henzinger, Thomas A},
	booktitle={2011 IEEE 24th Computer Security Foundations Symposium},
	pages={205--217},
	year={2011},
	organization={IEEE}
} % shannon entropy

@article{phan2012symbolic,
	title={{Symbolic quantitative information flow}},
	author={Phan, Quoc-Sang and Malacaria, Pasquale and Tkachuk, Oksana and P{\u{a}}s{\u{a}}reanu, Corina S},
	journal={ACM SIGSOFT Software Engineering Notes},
	volume={37},
	number={6},
	pages={1--5},
	year={2012},
	publisher={ACM New York, NY, USA}
} % shannon entropy

@inproceedings{smith2009foundations,
	title={{On the foundations of quantitative information flow}},
	author={Smith, Geoffrey},
	booktitle={International Conference on Foundations of Software Science and Computational Structures},
	pages={288--302},
	year={2009},
	organization={Springer}
} % shannon entropy

@inproceedings{meng2011calculating,
	title={{Calculating bounds on information leakage using two-bit patterns}},
	author={Meng, Ziyuan and Smith, Geoffrey},
	booktitle={Proceedings of the ACM SIGPLAN 6th Workshop on Programming Languages and Analysis for Security},
	pages={1--12},
	year={2011}
} % min entropy

@inproceedings{heusser2009applied,
	title={{Applied quantitative information flow and statistical databases}},
	author={Heusser, Jonathan and Malacaria, Pasquale},
	booktitle={International Workshop on Formal Aspects in Security and Trust},
	pages={96--110},
	year={2009},
	organization={Springer}
} % progam2cnf

@article{gray1992toward,
	title={Toward a mathematical foundation for information flow security},
	author={Gray III, James W},
	journal={Journal of Computer Security},
	volume={1},
	number={3-4},
	pages={255--294},
	year={1992},
	publisher={IOS Press}
}

@article{chavira2008probabilistic,
	title={{On probabilistic inference by weighted model counting}},
	author={Chavira, Mark and Darwiche, Adnan},
	journal={Artificial Intelligence},
	volume={172},
	number={6-7},
	pages={772--799},
	year={2008},
	publisher={Elsevier}
} % probabilistic inference

@inproceedings{baluta2019quantitative,
	title={{Quantitative verification of neural networks and its security applications}},
	author={Baluta, Teodora and Shen, Shiqi and Shinde, Shweta and Meel, Kuldeep S and Saxena, Prateek},
	booktitle={Proceedings of the 2019 ACM SIGSAC Conference on Computer and Communications Security},
	pages={1249--1264},
	year={2019}
} % neural network verification

@inproceedings{duenas2017counting,
	title={{Counting-based reliability estimation for power-transmission grids}},
	author={Duenas-Osorio, Leonardo and Meel, Kuldeep and Paredes, Roger and Vardi, Moshe},
	booktitle={Proceedings of the AAAI Conference on Artificial Intelligence},
	volume={31},
	number={1},
	year={2017}
} % network reliability

@article{valiant1979complexity,
	title={The complexity of enumeration and reliability problems},
	author={Valiant, Leslie G},
	journal={SIAM Journal on Computing},
	volume={8},
	number={3},
	pages={410--421},
	year={1979},
	publisher={SIAM}
} % #P

@inproceedings{toda1989computational,
	title={{On the computational power of PP and (+) P}},
	author={Toda, Seinosuke},
	booktitle={30th Annual Symposium on Foundations of Computer Science},
	pages={514--519},
	year={1989},
	organization={IEEE Computer Society}
} % $PH \subseteq P \# P$

@inproceedings{lai2021power,
	title={{The power of literal equivalence in model counting}},
	author={Lai, Yong and Meel, Kuldeep S and Yap, Roland HC},
	booktitle={Proceedings of the AAAI Conference on Artificial Intelligence},
	volume={35},
	number={5},
	pages={3851--3859},
	year={2021}
}% CCDD Exact MC

@inproceedings{lagniez2017improved,
	title={{An Improved Decision-DNNF Compiler.}},
	author={Lagniez, Jean-Marie and Marquis, Pierre},
	booktitle={26th International Joint Conference on Artificial Intelligence (IJCAI'17)},
	volume={17},
	pages={667--673},
	year={2017}
} % D4

@inproceedings{oztok2014compiling,
	title={{On compiling CNF into decision-DNNF}},
	author={Oztok, Umut and Darwiche, Adnan},
	booktitle={International Conference on Principles and Practice of Constraint Programming},
	pages={42--57},
	year={2014},
	organization={Springer}
} % cnf2DECISION-DNNF

@inproceedings{darwiche2004new,
	title={{New advances in compiling CNF to decomposable negation normal form}},
	author={Darwiche, Adnan},
	booktitle={Proc. of ECAI},
	pages={328--332},
	year={2004},
	organization={Citeseer}
} % c2d

@inproceedings{muise2012d,
	title={{Dsharp: fast d-DNNF compilation with sharpSAT}},
	author={Muise, Christian and McIlraith, Sheila A and Beck, J Christopher and Hsu, Eric I},
	booktitle={Advances in Artificial Intelligence: 25th Canadian Conference on Artificial Intelligence, Canadian AI 2012, Toronto, ON, Canada, May 28-30, 2012. Proceedings 25},
	pages={356--361},
	year={2012},
	organization={Springer}
} % dsharp

@inproceedings{macii1996exact,
	title={Exact computation of the entropy of a logic circuit},
	author={Macii, Enrico and Poncino, Massimo},
	booktitle={Proceedings of the Sixth Great Lakes Symposium on VLSI},
	pages={162--167},
	year={1996},
	organization={IEEE}
} % ADD for shannon entropy

@inproceedings{thurley2006sharpsat,
	title={{sharpSAT--counting models with advanced component caching and implicit BCP}},
	author={Thurley, Marc},
	booktitle={International Conference on Theory and Applications of Satisfiability Testing},
	pages={424--429},
	year={2006},
	organization={Springer}
} %  sharpSAT

@article{van2017query,
	title={{Query processing on probabilistic data: A survey}},
	author={Van den Broeck, Guy and Suciu, Dan and others},
	journal={Foundations and Trends{\textregistered} in Databases},
	volume={7},
	number={3-4},
	pages={197--341},
	year={2017},
	publisher={Now Publishers, Inc.}
}% KC on probabilistic databases

@article{fierens2015inference,
	title={{Inference and learning in probabilistic logic programs using weighted boolean formulas}},
	author={Fierens, Daan and Van den Broeck, Guy and Renkens, Joris and Shterionov, Dimitar and Gutmann, Bernd and Thon, Ingo and Janssens, Gerda and De Raedt, Luc},
	journal={Theory and Practice of Logic Programming},
	volume={15},
	number={3},
	pages={358--401},
	year={2015},
	publisher={Cambridge University Press}
} % KC on probabilistic programming

@inproceedings{kisa2014probabilistic,
	title={{Probabilistic sentential decision diagrams}},
	author={Kisa, Doga and Van den Broeck, Guy and Choi, Arthur and Darwiche, Adnan},
	booktitle={Fourteenth International Conference on the Principles of Knowledge Representation and Reasoning},
	year={2014}
} % KC on tractable learning

@inproceedings{fried2016bdd,
	title={{BDD-based Boolean functional synthesis}},
	author={Fried, Dror and Tabajara, Lucas M and Vardi, Moshe Y},
	booktitle={Computer Aided Verification: 28th International Conference, CAV 2016, Toronto, ON, Canada, July 17-23, 2016, Proceedings, Part II 28},
	pages={402--421},
	year={2016},
	organization={Springer}
} % KC on synthesis and verification of hardware and software systems

@inproceedings{luu2014model,
	title={{A model counter for constraints over unbounded strings}},
	author={Luu, Loi and Shinde, Shweta and Saxena, Prateek and Demsky, Brian},
	booktitle={Proceedings of the 35th ACM SIGPLAN Conference on Programming Language Design and Implementation},
	pages={565--576},
	year={2014}
} % SMC

@inproceedings{aydin2015automata,
	title={Automata-based model counting for string constraints},
	author={Aydin, Abdulbaki and Bang, Lucas and Bultan, Tevfik},
	booktitle={International Conference on Computer Aided Verification},
	pages={255--272},
	year={2015},
	organization={Springer}
} % ABC Automata-based

@inproceedings{aydin2018parameterized,
	title={{Parameterized model counting for string and numeric constraints}},
	author={Aydin, Abdulbaki and Eiers, William and Bang, Lucas and Brennan, Tegan and Gavrilov, Miroslav and Bultan, Tevfik and Yu, Fang},
	booktitle={Proceedings of the 2018 26th ACM Joint Meeting on European Software Engineering Conference and Symposium on the Foundations of Software Engineering},
	pages={400--410},
	year={2018}
} % MT-ABC Automata-based

@article{clark2007static,
	title={{A static analysis for quantifying information flow in a simple imperative language}},
	author={Clark, David and Hunt, Sebastian and Malacaria, Pasquale},
	journal={Journal of Computer Security},
	volume={15},
	number={3},
	pages={321--371},
	year={2007},
	publisher={IOS Press}
} % static analysis

@article{phan2012symbolic,
	title={{Symbolic quantitative information flow}},
	author={Phan, Quoc-Sang and Malacaria, Pasquale and Tkachuk, Oksana and P{\u{a}}s{\u{a}}reanu, Corina S},
	journal={ACM SIGSOFT Software Engineering Notes},
	volume={37},
	number={6},
	pages={1--5},
	year={2012},
	publisher={ACM New York, NY, USA}
} %

@inproceedings{phan2014abstract,
	title={{Abstract model counting: a novel approach for quantification of information leaks}},
	author={Phan, Quoc-Sang and Malacaria, Pasquale},
	booktitle={Proceedings of the 9th ACM symposium on Information, computer and communications security},
	pages={283--292},
	year={2014}
} % SMT based program 2 logic

@inproceedings{backes2009automatic,
	title={{Automatic discovery and quantification of information leaks}},
	author={Backes, Michael and K{\"o}pf, Boris and Rybalchenko, Andrey},
	booktitle={2009 30th IEEE Symposium on Security and Privacy},
	pages={141--153},
	year={2009},
	organization={IEEE}
} % Shannon entropy

@inproceedings{heusser2010quantifying,
	title={{Quantifying information leaks in software}},
	author={Heusser, Jonathan and Malacaria, Pasquale},
	booktitle={Proceedings of the 26th annual computer security applications conference},
	pages={261--269},
	year={2010}
} % Shannon entropy

@inproceedings{phan2014quantifying,
	title={Quantifying information leaks using reliability analysis},
	author={Phan, Quoc-Sang and Malacaria, Pasquale and P{\u{a}}s{\u{a}}reanu, Corina S and d'Amorim, Marcelo},
	booktitle={Proceedings of the 2014 International SPIN Symposium on Model Checking of Software},
	pages={105--108},
	year={2014}
} % Shannon entropy

@inproceedings{smith2009foundations,
	title={{On the foundations of quantitative information flow}},
	author={Smith, Geoffrey},
	booktitle={International Conference on Foundations of Software Science and Computational Structures},
	pages={288--302},
	year={2009},
	organization={Springer}
} % min entropy

@inproceedings{golia2022scalable,
	title={{A scalable Shannon entropy estimator}},
	author={Golia, Priyanka and Juba, Brendan and Meel, Kuldeep S},
	booktitle={International Conference on Computer Aided Verification},
	pages={363--384},
	year={2022},
	organization={Springer}
} % EntropyEstimation

@inproceedings{achlioptas2018fast,
	title={{Fast sampling of perfectly uniform satisfying assignments}},
	author={Achlioptas, Dimitris and Hammoudeh, Zayd S and Theodoropoulos, Panos},
	booktitle={International Conference on Theory and Applications of Satisfiability Testing},
	pages={135--147},
	year={2018},
	organization={Springer}
} % SPUR

@inproceedings{sharma2019ganak,
	title={{GANAK: A Scalable Probabilistic Exact Model Counter.}},
	author={Sharma, Shubham and Roy, Subhajit and Soos, Mate and Meel, Kuldeep S},
	booktitle={IJCAI},
	volume={19},
	pages={1169--1176},
	year={2019}
} % GANAK

@article{bahar1997algebric,
	title={Algebric decision diagrams and their applications},
	author={Bahar, R Iris and Frohm, Erica A and Gaona, Charles M and Hachtel, Gary D and Macii, Enrico and Pardo, Abelardo and Somenzi, Fabio},
	journal={Formal methods in system design},
	volume={10},
	pages={171--206},
	year={1997},
	publisher={Springer}
} % ADD

@article{lai2013reduced,
	title={{Reduced ordered binary decision diagram with implied literals: A new knowledge compilation approach}},
	author={Lai, Yong and Liu, Dayou and Wang, Shengsheng},
	journal={Knowledge and Information Systems},
	volume={35},
	number={3},
	pages={665--712},
	year={2013},
	publisher={Springer}
} % ROBDD-L

@article{kwiatkowska2007stochastic,
	title={{Stochastic model checking}},
	author={Kwiatkowska, Marta and Norman, Gethin and Parker, David},
	journal={Formal Methods for Performance Evaluation: 7th International School on Formal Methods for the Design of Computer, Communication, and Software Systems, SFM 2007, Bertinoro, Italy, May 28-June 2, 2007, Advanced Lectures 7},
	pages={220--270},
	year={2007},
	publisher={Springer}
} % Model Checking use MTBDD

@article{hoey2013spudd,
	title={{SPUDD: Stochastic planning using decision diagrams}},
	author={Hoey, Jesse and St-Aubin, Robert and Hu, Alan and Boutilier, Craig},
	journal={arXiv preprint arXiv:1301.6704},
	year={2013}
} % ADD for stochastic planning

@inproceedings{dudek2020addmc,
	title={{ADDMC: weighted model counting with algebraic decision diagrams}},
	author={Dudek, Jeffrey and Phan, Vu and Vardi, Moshe},
	booktitle={Proceedings of the AAAI Conference on Artificial Intelligence},
	volume={34},
	number={02},
	pages={1468--1476},
	year={2020}
} % ADDMC

@inproceedings{fremont2017maximum,
	title={{Maximum model counting}},
	author={Fremont, Daniel and Rabe, Markus and Seshia, Sanjit},
	booktitle={Proceedings of the AAAI Conference on Artificial Intelligence},
	volume={31},
	number={1},
	year={2017}
} % MaxMC benchmarks

@inproceedings{soos2020tinted,
	title={{Tinted, detached, and lazy CNF-XOR solving and its applications to counting and sampling}},
	author={Soos, Mate and Gocht, Stephan and Meel, Kuldeep S},
	booktitle={International Conference on Computer Aided Verification},
	pages={463--484},
	year={2020},
	organization={Springer}
} % plan recognition benchmarks


@book{darwiche2009modeling,
	title={{Modeling and reasoning with Bayesian networks}},
	author={Darwiche, Adnan},
	year={2009},
	publisher={Cambridge university press}
} % minfill

@inproceedings{korhonen2021integrating,
	title={{Integrating tree decompositions into decision heuristics of propositional model counters}},
	author={Korhonen, Tuukka and J{\"a}rvisalo, Matti},
	booktitle={27th International Conference on Principles and Practice of Constraint Programming (CP 2021)},
	pages={8--1},
	year={2021},
	organization={Schloss Dagstuhl-Leibniz-Zentrum f{\"u}r Informatik}
} % sharpsat-td

@inproceedings{sang2005heuristics,
	title={{Heuristics for fast exact model counting}},
	author={Sang, Tian and Beame, Paul and Kautz, Henry},
	booktitle={Theory and Applications of Satisfiability Testing: 8th International Conference, SAT 2005, St Andrews, UK, June 19-23, 2005. Proceedings 8},
	pages={226--240},
	year={2005},
	organization={Springer}
} % VSADS

@article{lai2017new,
	title={New canonical representations by augmenting OBDDs with conjunctive decomposition},
	author={Lai, Yong and Liu, Dayou and Yin, Minghao},
	journal={Journal of Artificial Intelligence Research},
	volume={58},
	pages={453--521},
	year={2017}
} % OBDD[AND]

@article{jaeger2004probabilistic,
  title={{Probabilistic decision graphs—combining verification and AI techniques for probabilistic inference}},
  author={Jaeger, Manfred},
  journal={International Journal of Uncertainty, Fuzziness and Knowledge-Based Systems},
  volume={12},
  number={supp01},
  pages={19--42},
  year={2004},
  publisher={World Scientific}
} %PDG


@inproceedings{kisa2014probabilistic,
  title={{Probabilistic sentential decision diagrams}},
  author={Kisa, Doga and Van den Broeck, Guy and Choi, Arthur and Darwiche, Adnan},
  booktitle={Fourteenth International Conference on the Principles of Knowledge Representation and Reasoning},
  year={2014}
} % PSDD

@article{chavira2006compiling,
  title={{Compiling relational Bayesian networks for exact inference}},
  author={Chavira, Mark and Darwiche, Adnan and Jaeger, Manfred},
  journal={International Journal of Approximate Reasoning},
  volume={42},
  number={1-2},
  pages={4--20},
  year={2006},
  publisher={Elsevier}
} % relational BN


@article{dagum1993approximating,
  title={{Approximating probabilistic inference in Bayesian belief networks is NP-hard}},
  author={Dagum, Paul and Luby, Michael},
  journal={Artificial intelligence},
  volume={60},
  number={1},
  pages={141--153},
  year={1993},
  publisher={Elsevier}
} % 

@article{dal2021compositional,
  title={{A compositional approach to probabilistic knowledge compilation}},
  author={Dal, Giso H and Laarman, Alfons W and Hommersom, Arjen and Lucas, Peter JF},
  journal={International Journal of Approximate Reasoning},
  volume={138},
  pages={38--66},
  year={2021},
  publisher={Elsevier}
}

@inproceedings{choi2013compiling,
  title={{Compiling probabilistic graphical models using sentential decision diagrams}},
  author={Choi, Arthur and Kisa, Doga and Darwiche, Adnan},
  booktitle={Symbolic and Quantitative Approaches to Reasoning with Uncertainty: 12th European Conference, ECSQARU 2013, Utrecht, The Netherlands, July 8-10, 2013. Proceedings 12},
  pages={121--132},
  year={2013},
  organization={Springer}
} % SDD

@article{nielsen2013using,
  title={{Using ROBDDs for inference in Bayesian networks with troubleshooting as an example}},
  author={Nielsen, Thomas D and Wuillemin, Pierre-Henri and Jensen, Finn Verner and Kj{\ae}rulff, Uffe},
  journal={arXiv preprint arXiv:1301.3880},
  year={2013}
} % ROBDD

@inproceedings{minato2007compiling,
  title={{Compiling Bayesian Networks by Symbolic Probability Calculation Based on Zero-Suppressed BDDs.}},
  author={Minato, Shin-ichi and Satoh, Ken and Sato, Taisuke},
  booktitle={Proceedings of the 20th international joint conference on Artificial intelligence},
  volume={2007},
  pages={2550--2555},
  year={2007},
  organization={Citeseer}
} % ZDD

@article{mateescu2008and,
  title={{AND/OR multi-valued decision diagrams (AOMDDs) for graphical models}},
  author={Mateescu, Robert and Dechter, Rina and Marinescu, Radu},
  journal={Journal of Artificial Intelligence Research},
  volume={33},
  pages={465--519},
  year={2008}
} % AOMDD

@article{dal2017weighted,
  title={{Weighted positive binary decision diagrams for exact probabilistic inference}},
  author={Dal, Giso H and Lucas, Peter JF},
  journal={International Journal of Approximate Reasoning},
  volume={90},
  pages={411--432},
  year={2017},
  publisher={Elsevier}
} % WPBDD

@inproceedings{sanner2005affine,
	title={{Affine algebraic decision diagrams (AADDs) and their application to structured probabilistic inference}},
	author={Sanner, Scott and McAllester, David},
	booktitle={IJCAI},
	volume={2005},
	pages={1384--1390},
	year={2005}
} % AADDs

@article{sang2004combining,
	title={{Combining Component Caching and Clause Learning for Effective Model Counting.}},
	author={Sang, Tian and Bacchus, Fahiem and Beame, Paul and Kautz, Henry A and Pitassi, Toniann},
	journal={SAT},
	volume={4},
	pages={7th},
	year={2004}
} % Cachet

@inproceedings{bacchus2003dpll,
	title={{DPLL with caching: A new algorithm for \#SAT and Bayesian inference}},
	author={Bacchus, Fahiem and Dalmao, Shannon and Pitassi, Toniann},
	booktitle={Electronic Colloquium in Computation Complexity},
	year={2003},
	organization={Citeseer}
} % 

@inproceedings{moskewicz2001chaff,
	title={{Chaff: Engineering an efficient SAT solver}},
	author={Moskewicz, Matthew W and Madigan, Conor F and Zhao, Ying and Zhang, Lintao and Malik, Sharad},
	booktitle={Proceedings of the 38th annual Design Automation Conference},
	pages={530--535},
	year={2001}
} % zChaff

@inproceedings{stankovic2007calculating,
	title={{Calculating entropy estimate using Binary decision diagrams}},
	author={Stankovic, Stanislav and Astola, Jaakko},
	booktitle={Proc. XI International Symposium on Problems of Redundancy in Information and Control Systems, Saint Petersburg, Russia},
	pages={32--36},
	year={2007}
} % BDD for entropy estimate

@article{stankoviccomputing,
	title={{Computing Estimation of Entropy of Binary Sequences by Using Decision Diagrams}},
	author={Stankovic, Stanislav},
	journal={Information theory and complex systems},
	pages={9}
} % DD for entropy estimate

@article{lagniez2017preprocessing,
	title={{On preprocessing techniques and their impact on propositional model counting}},
	author={Lagniez, Jean-Marie and Marquis, Pierre},
	journal={Journal of Automated Reasoning},
	volume={58},
	number={4},
	pages={413--481},
	year={2017},
	publisher={Springer}
} % Preprocess on MC